/Users/shahbook/Box Sync/projects/bibliography/hrv-aric.bib